@article{rethinking-sc,
	Address = {{Cambridge, MA, USA}},
	Issn = {{0148-9267}},
	Publisher = {{MIT Press}},
	Tags = {{Computer Music}},
	author = {McCartney, James},
	title = {{Rethinking the Computer Music Language: SuperCollider}},
	journal = {{Computer Music Journal}},
	volume = {{26}},
	number = {{4}},
	pages = {61-68},
	year = {{2002}},
	doi = {{http://dx.doi.org/10.1162/014892602320991383}},
}

@inproceedings{blechmann11icmc,
	booktitle = {{Proceedings of the International Computer Music Conference}},
	author = {Tim Blechmann},
	title = {{Supernova - A scalable parallel audio synthesis server for SuperCollider}},
	year = {{2011}},
}

@incollection{collision,
  author      = "Stefan Kersten and Marije A.J. Baalman",
  title       = {{``Collision with the Penguin'': SuperCollider on Linux}},
  editor      = "Scott Wilson and David Cottle and Nick Collins",
  booktitle   = "The SuperCollider Book",
  publisher   = "MIT Press",
  year        = 2011,
}

@incollection{dos,
  author      = "Christopher Fraunberger",
  title       = {{SuperCollider on Windows}},
  editor      = "Scott Wilson and David Cottle and Nick Collins",
  booktitle   = "The SuperCollider Book",
  publisher   = "MIT Press",
  year        = 2011,
}

@misc{algoscore,
  author = "Jonatan Liljedahl",
  title = "AlgoScore",
  howpublished = "\url{http://kymatica.com/Software/AlgoScore}",
  year = 2011
}

@book{Sal89,
author={Salton, G.},
year={1989},
title={Automatic Text Processing},
publisher={Addison-Wesley}
}


@article{Spa72,
author={{Sparck Jones}, K.},
year={1972},
title={A Statistical Interpretation of Term Specificity and its Application in Retrieval},
journal={Journal of Documentation},
volume={28},
number={1},
pages={11-21}
}


@book{MosWal64,
author={Mosteller, Fredrick and David Wallace},
year={1964},
title={Inference and Disputed Authorship: The Federalist},
publisher={Addison-Wesley},
address={Reading, Massachusetts}
}

@incollection{Kay86,
  AUTHOR = {Kay, Martin},
  TITLE = {Parsing in Functional Unification Grammar},
  YEAR = {1986},
  BOOKTITLE = {Readings in Natural Language Processing},
  EDITOR = {B. J. Grosz, K. Spark Jones and B. L. Webber},
  PUBLISHER = {Morgan Kaufmann Publishers},
  ADDRESS = {Los Altos},
  PAGES = {125-138}
}
